<?xml version="1.0" encoding="UTF-8"?><collection xmlns="http://www.loc.gov/MARC21/slim"><record><leader>00491nam--2200169-i-4500</leader><controlfield tag="001">000048915</controlfield><controlfield tag="002">20161230</controlfield><controlfield tag="005">20161230201047</controlfield><controlfield tag="008">060222s1000------------r-----000-0-eng-d</controlfield><datafield ind1=" " ind2=" " tag="040"><subfield code="a">IFIN-HH</subfield></datafield><datafield ind1=" " ind2=" " tag="080"><subfield code="a">621.039.8:621.039.574</subfield></datafield><datafield ind1="1" ind2=" " tag="110"><subfield code="a">Atomic Energy Establishment</subfield></datafield><datafield ind1="1" ind2="0" tag="245"><subfield code="a">Radioactive products. radioisotopes. radiochemicals. radiation sources</subfield></datafield><datafield ind1=" " ind2=" " tag="260"><subfield code="a">Trombay</subfield><subfield code="b">Atomic Energy Establishment</subfield><subfield code="c">1963</subfield></datafield><datafield ind1=" " ind2=" " tag="300"><subfield code="a">126P</subfield></datafield><datafield ind1=" " ind2=" " tag="852"><subfield code="a">18752</subfield><subfield code="c">539.163</subfield></datafield><datafield ind1=" " ind2=" " tag="CAT"><subfield code="a">Sys</subfield><subfield code="c">20120516</subfield><subfield code="h">161936</subfield></datafield></record></collection>